<?xml version="1.0" encoding="UTF-8"?><collection xmlns="http://www.loc.gov/MARC21/slim"><record><leader>00453nam--2200145-i-4500</leader><controlfield tag="001">000005802</controlfield><controlfield tag="002">20161230</controlfield><controlfield tag="005">20170222182248</controlfield><controlfield tag="008">060222s1000------------r-----000-0-eng-d</controlfield><datafield ind1=" " ind2=" " tag="100"><subfield code="a">Harpe, Alain De La</subfield></datafield><datafield ind1=" " ind2=" " tag="245"><subfield code="a">Flux de chaleur critiques en double phase eau-vapeur et en convection forcee. Etude bibliographique</subfield></datafield><datafield ind1=" " ind2=" " tag="260"><subfield code="a">Saclay</subfield><subfield code="b">Centre D Etudes Nucleaires</subfield><subfield code="c">1962</subfield></datafield><datafield ind1=" " ind2=" " tag="300"><subfield code="a">35 p</subfield></datafield><datafield ind1=" " ind2=" " tag="490"><subfield code="a">Serie Bibliographies</subfield></datafield><datafield ind1=" " ind2=" " tag="CAT"><subfield code="a">SYS</subfield><subfield code="c">20170222</subfield><subfield code="h">182248</subfield></datafield></record></collection>